
    <zs:record>
      <zs:recordSchema/>
      <zs:recordPacking>xml</zs:recordPacking>
      <zs:recordData>
        <record xmlns="http://www.loc.gov/MARC21/slim">
          <leader>01240cam a22002771  4500</leader>
          <controlfield tag="001">10098921</controlfield>
          <controlfield tag="005">20091209110415.0</controlfield>
          <controlfield tag="008">790911s1910    enkf          000 0 eng  </controlfield>
          <datafield tag="035" ind1=" " ind2=" ">
            <subfield code="9">(DLC)   11000602</subfield>
          </datafield>
          <datafield tag="906" ind1=" " ind2=" ">
            <subfield code="a">7</subfield>
            <subfield code="b">cbc</subfield>
            <subfield code="c">oclcrpl</subfield>
            <subfield code="d">u</subfield>
            <subfield code="e">ncip</subfield>
            <subfield code="f">19</subfield>
            <subfield code="g">y-gencatlg</subfield>
          </datafield>
          <datafield tag="010" ind1=" " ind2=" ">
            <subfield code="a">   11000602 </subfield>
          </datafield>
          <datafield tag="035" ind1=" " ind2=" ">
            <subfield code="a">(OCoLC)5363305</subfield>
          </datafield>
          <datafield tag="040" ind1=" " ind2=" ">
            <subfield code="a">DLC</subfield>
            <subfield code="c">OCl</subfield>
            <subfield code="d">DLC</subfield>
          </datafield>
          <datafield tag="042" ind1=" " ind2=" ">
            <subfield code="a">premarc</subfield>
          </datafield>
          <datafield tag="050" ind1="0" ind2="0">
            <subfield code="a">DT62.M7</subfield>
            <subfield code="b">M8</subfield>
          </datafield>
          <datafield tag="100" ind1="1" ind2=" ">
            <subfield code="a">Murray, Margaret Alice.</subfield>
          </datafield>
          <datafield tag="245" ind1="0" ind2="4">
            <subfield code="a">The tomb of two brothers,</subfield>
            <subfield code="c">by Margaret Alice Murray. Report on the anatomy of the mummies, by Dr. John Cameron. Report on the chemistry of the remains, by Dr. Paul Haas, Prof. H. B. Dixon, F.R.S., and E. Linder, B.SC. Report on the textile fabrics, by Thomas W. Fox, M.SC. Report on the colouring matter of the textiles, by Prof. Julius Hübner, M.SC.TECH.</subfield>
          </datafield>
          <datafield tag="260" ind1=" " ind2=" ">
            <subfield code="a">Manchester,</subfield>
            <subfield code="b">Sherratt &amp; Hughes; [etc., etc.]</subfield>
            <subfield code="c">1910.</subfield>
          </datafield>
          <datafield tag="300" ind1=" " ind2=" ">
            <subfield code="a">79 p., 1 l.</subfield>
            <subfield code="b">21 pl. (incl. col. front.)</subfield>
            <subfield code="c">25 cm.</subfield>
          </datafield>
          <datafield tag="490" ind1="0" ind2=" ">
            <subfield code="a">The Manchester museum. Museum handbooks</subfield>
          </datafield>
          <datafield tag="500" ind1=" " ind2=" ">
            <subfield code="a">At head of title: Publication 68.</subfield>
          </datafield>
          <datafield tag="500" ind1=" " ind2=" ">
            <subfield code="a">Plates 2-21 are printed and numbered on both sides.</subfield>
          </datafield>
          <datafield tag="650" ind1=" " ind2="0">
            <subfield code="a">Mummies.</subfield>
          </datafield>
          <datafield tag="651" ind1=" " ind2="0">
            <subfield code="a">Egypt</subfield>
            <subfield code="x">Antiquities.</subfield>
          </datafield>
          <datafield tag="985" ind1=" " ind2=" ">
            <subfield code="e">OCLC REPLACEMENT cdsdistr</subfield>
          </datafield>
          <datafield tag="991" ind1=" " ind2=" ">
            <subfield code="b">c-GenColl</subfield>
            <subfield code="h">DT62.M7</subfield>
            <subfield code="i">M2</subfield>
            <subfield code="t">Copy 1</subfield>
            <subfield code="w">OCLCREP</subfield>
          </datafield>
        </record>
      </zs:recordData>
      <zs:recordPosition>45</zs:recordPosition>
    </zs:record>