
    <zs:record>
      <zs:recordSchema/>
      <zs:recordPacking>xml</zs:recordPacking>
      <zs:recordData>
        <record xmlns="http://www.loc.gov/MARC21/slim">
          <leader>03434nam a22002535i 4500</leader>
          <controlfield tag="001">22108874</controlfield>
          <controlfield tag="005">20210701092431.0</controlfield>
          <controlfield tag="008">210701s2021    cau           000 0 eng  </controlfield>
          <datafield tag="906" ind1=" " ind2=" ">
            <subfield code="a">0</subfield>
            <subfield code="b">ibc</subfield>
            <subfield code="c">orignew</subfield>
            <subfield code="d">2</subfield>
            <subfield code="e">epcn</subfield>
            <subfield code="f">20</subfield>
            <subfield code="g">y-gencatlg</subfield>
          </datafield>
          <datafield tag="925" ind1="0" ind2=" ">
            <subfield code="a">acquire</subfield>
            <subfield code="b">1 shelf copy</subfield>
            <subfield code="x">policy default</subfield>
          </datafield>
          <datafield tag="955" ind1=" " ind2=" ">
            <subfield code="b">xd06 2021-07-01</subfield>
          </datafield>
          <datafield tag="010" ind1=" " ind2=" ">
            <subfield code="a">  2021942262</subfield>
          </datafield>
          <datafield tag="020" ind1=" " ind2=" ">
            <subfield code="a">9781954873339</subfield>
            <subfield code="q">(paperback)</subfield>
          </datafield>
          <datafield tag="040" ind1=" " ind2=" ">
            <subfield code="a">DLC</subfield>
            <subfield code="b">eng</subfield>
            <subfield code="e">rda</subfield>
            <subfield code="c">DLC</subfield>
          </datafield>
          <datafield tag="042" ind1=" " ind2=" ">
            <subfield code="a">pcc</subfield>
          </datafield>
          <datafield tag="100" ind1="1" ind2=" ">
            <subfield code="a">Murray, Margaret Alice,</subfield>
            <subfield code="d">1863-</subfield>
            <subfield code="e">author.</subfield>
          </datafield>
          <datafield tag="245" ind1="1" ind2="4">
            <subfield code="a">The witch cult :</subfield>
            <subfield code="b">a study of anthropology /</subfield>
            <subfield code="c">Margaret Alice Murray.</subfield>
          </datafield>
          <datafield tag="263" ind1=" " ind2=" ">
            <subfield code="a">2107</subfield>
          </datafield>
          <datafield tag="264" ind1=" " ind2="1">
            <subfield code="a">San Fransisco :</subfield>
            <subfield code="b">Jabberwoke,</subfield>
            <subfield code="c">2021.</subfield>
          </datafield>
          <datafield tag="300" ind1=" " ind2=" ">
            <subfield code="a">pages cm</subfield>
          </datafield>
          <datafield tag="336" ind1=" " ind2=" ">
            <subfield code="a">text</subfield>
            <subfield code="b">txt</subfield>
            <subfield code="2">rdacontent</subfield>
          </datafield>
          <datafield tag="337" ind1=" " ind2=" ">
            <subfield code="a">unmediated</subfield>
            <subfield code="b">n</subfield>
            <subfield code="2">rdamedia</subfield>
          </datafield>
          <datafield tag="338" ind1=" " ind2=" ">
            <subfield code="a">volume</subfield>
            <subfield code="b">nc</subfield>
            <subfield code="2">rdacarrier</subfield>
          </datafield>
          <datafield tag="520" ind1=" " ind2=" ">
            <subfield code="a">"The Witch-Cult in Western Europe is a 1921 anthropological book by Margaret Alice Murray, published at the height of the success of Frazer's Golden Bough. Certain university circles subsequently celebrated Margaret Murray as the expert on western witchcraft, though her theory, also known as "the witch-cult hypothesis" remains controversial: it suggests that the accusations made towards "witches" in Europe were in fact based on a real, though clandestine, pagan religion worshiped a horned god. In this book and the subsequent The God of the Witches (1931), Murray explained her theory as follows. Until the 17th century there was a religion, much older than Christianity, which all over Western Europe had supporters both among ordinary people and the ruling classes. Central to the worship stood a horned god with two faces, known to the Romans as Janus or Dianus. (This cult of Dianus was of the type James Frazer described in detail in The Golden Bough). The horned god represented the cycle of seasons and harvests. It was believed that he died and periodically returned to life. On earth, the horned god was represented by chosen human beings. There were some celebrities among them, such as William Rufus, Thomas Becket, Joan of Arc and Gilles de Rais. They each died a tragic death as a ritual sacrifice to insure the resurrection of the god and the renewal of the earth. In the villages, the witches' meetings were presided over by the horned god. Christian observers of these events might have thought the witches were worshiping the devil, when in reality they were celebrating the pre-Christian god Dianus. The preservation of this ancient religion was entrusted to a variety of indigenous peoples, small in stature, who were driven out from their land with each new invasion. This would also explain the stories about fairies, gnomes and other 'small people'. These creatures were very shy but were able to pass the knowledge of their religion to ordinary people. The witches were their pupils and thus the heirs of the ancient religion. According to Murray, local covens consisted of thirteen members: twelve ordinary men and women, and an officer. All members were required to hold a weekly meeting (named 'esbat' by Murray) and to attend the larger Sabbats. There was a strict discipline in the covens, and whoever missed a meeting could be severely punished and was sometimes put to death. The organization and structure were so good that Christianity had to wait until the Reformation before taking wide notice of the hidden religion. The great witch persecutions were thus Chrisianity's attack on a powerful rival"--</subfield>
            <subfield code="c">Provided by publisher.</subfield>
          </datafield>
        </record>
      </zs:recordData>
      <zs:recordPosition>48</zs:recordPosition>
    </zs:record>